@article{chapelle2011empirical,
  title={An empirical evaluation of thompson sampling},
  author={Chapelle, Olivier and Li, Lihong},
  journal={Advances in neural information processing systems},
  volume={24},
  pages={2249--2257},
  year={2011},
  publisher={Citeseer}
}

@article{thompson1933likelihood,
  title={On the likelihood that one unknown probability exceeds another in view of the evidence of two samples},
  author={Thompson, William R},
  journal={Biometrika},
  volume={25},
  number={3/4},
  pages={285--294},
  year={1933},
  publisher={JSTOR}
}

@article{riquelme2018deep,
  title={Deep bayesian bandits showdown: An empirical comparison of bayesian deep networks for thompson sampling},
  author={Riquelme, Carlos and Tucker, George and Snoek, Jasper},
  journal={arXiv preprint arXiv:1802.09127},
  year={2018}
}

@article{zhang2020neural,
  title={Neural Thompson Sampling},
  author={Zhang, Weitong and Zhou, Dongruo and Li, Lihong and Gu, Quanquan},
  journal={arXiv preprint arXiv:2010.00827},
  year={2020}
}

@inproceedings{agrawal2013further,
  title={Further optimal regret bounds for thompson sampling},
  author={Agrawal, Shipra and Goyal, Navin},
  booktitle={Artificial intelligence and statistics},
  pages={99--107},
  year={2013},
  organization={PMLR}
}

@article{russo2016information,
  title={An information-theoretic analysis of thompson sampling},
  author={Russo, Daniel and Van Roy, Benjamin},
  journal={The Journal of Machine Learning Research},
  volume={17},
  number={1},
  pages={2442--2471},
  year={2016},
  publisher={JMLR. org}
}