@book{littlestone1989weighted,
  title={The weighted majority algorithm},
  author={Littlestone, Nick and Warmuth, Manfred K and others}
}

@article{littman2015reinforcement,
  title={Reinforcement learning improves behaviour from evaluative feedback},
  author={Littman, Michael L},
  journal={Nature},
  volume={521},
  number={7553},
  pages={445--451},
  year={2015},
  publisher={Nature Publishing Group}
}

@techreport{novikoff1963convergence,
  title={On convergence proofs for perceptrons},
  author={Novikoff and Albert B},
  year={1963},
  institution={Stanford Research Inst Menlo Park CA}
}

@article{subgradient,
    title = {Gradient, Subgradient and how they may affect your grade(ient)},
    author = {Sontag, David and Halpern, Yoni},
    year = {2016},
    institution = {MIT},
    }

@article{UWO_SVM_lecture,
title = {cs434a/541a :Pattern Recognition, Lecture 11},
author = {Olga Veksler},
institution = {University of Western Ontario}
}
@article{Hyperplane_def,
title = {"Hyperplane." From MathWorld--A Wolfram Web Resource},
author = {Weisstein and W Eric},
institution = {MathWorld--A Wolfram Web Resource},
}
