@book{littlestone1989weighted,
  title={The weighted majority algorithm},
  author={Littlestone, Nick and Warmuth, Manfred K and others}
}

@techreport{novikoff1963convergence,
  title={On convergence proofs for perceptrons},
  author={Novikoff, Albert B},
  year={1963},
  institution={Stanford Research Inst Menlo Park CA}
}
@INPROCEEDINGS{Winnowlittlestone,
  author={N. {Littlestone}},
  booktitle={28th Annual Symposium on Foundations of Computer Science (sfcs 1987)}, 
  title={Learning quickly when irrelevant attributes abound: A new linear-threshold algorithm}, 
  year={1987},
  volume={},
  number={},
  pages={68-77},
  doi={10.1109/SFCS.1987.37}}
  

 @article{IBM,
 author  = {Mason, Harding and Stewart, D. and Gill, Brendan},
 date    = {2017-7-24},
 title   = {A neural networks deep dive},
 journal = {IBM Developer},
 url={https://developer.ibm.com/technologies/artificial-intelligence/articles/cc-cognitive-neural-networks-deep-dive/}
}

 
 @article{NWY,
 author  = {Mason, Harding and Stewart, D. and Gill, Brendan},
 date    = {1958-11-29},
 title   = {Rival},
 journal = {The New Yorker},
 url={https://www.newyorker.com/magazine/1958/12/06/rival-2}
}

 @article{rosenblatt_1958, title={The perceptron: A probabilistic model for information storage and organization in the brain.}, volume={65}, DOI={10.1037/h0042519}, number={6}, journal={Psychological Review}, author={Rosenblatt, F.}, year={1958}, pages={386–408}} 
 
 @book{minsky69perceptrons,
  author = {Minsky, Marvin and Papert, Seymour},
  biburl = {https://www.bibsonomy.org/bibtex/206a5a6751b3e61408455fca2ed8d87fc/sb3000},
  description = {: mf : blob : » bibtex},
  interhash = {d80d4948a422623047f1b800272c0389},
  intrahash = {06a5a6751b3e61408455fca2ed8d87fc},
  keywords = {linear-classification neural-networks seminal},
  publisher = {MIT Press},
  timestamp = {2008-05-16T13:57:02.000+0200},
  title = {Perceptrons: An Introduction to Computational Geometry},
  year = 1969
}

 @article{jkivinen_1997, title={The Perceptron algorithm versus Winnow: linear versus logarithmic mistake bounds when few input variables are relevant}, journal={ELSEVIER}, author={J. Kivinen, M.K. Warmuth, P. Auerc}, year={1997}} 
 
 @misc{wiki:Distance,
    author = "{Wikipedia contributors}",
    title = "Distance from a point to a line --- {W}ikipedia{,} The Free Encyclopedia",
    year = "2021",
    url = "https://en.wikipedia.org/wiki/Distance_from_a_point_to_a_line",
    note = "[Online; accessed 11-Mar-2021]"
}

@article{margin, title={Support vector machines: The linearly separable case}, url={https://nlp.stanford.edu/IR-book/html/htmledition/support-vector-machines-the-linearly-separable-case-1.html}, journal={Cambridge University Press}, author={ D. Manning, Christopher}, year={2008}}

@article{lasvm, title={Fast Kernel Classifiers
with Online and Active Learning}, journal={Journal of Machine Learning Research}, url={https://www.jmlr.org/papers/volume6/bordes05a/bordes05a.pdf},author={Antoine Bordes, Seyda Ertekin, Jason Weston}, year={2005}}

@misc{iunera_2020, title={Big Data Stream mining with Online Support Vector Machines}, url={https://www.iunera.com/kraken/fabric/online-learning-vector-machines/#2-online-learning-svm}, journal={iunera}, year={2020}, month={Sep}}