@article{gd1847,
author="Cauchy, A.",
title="Méthode générale pour la résolution des systèmes d'équations simultanées",
journal="C.R. Acad. Sci. Paris",
ISSN="",
publisher="",
year="1847",
month="",
volume="25",
number="",
pages="536-538",
URL="https://ci.nii.ac.jp/naid/10026863174/en/",
DOI="",
}
@article{Robbins2007ASA,
  title={A Stochastic Approximation Method},
  author={H. Robbins},
  journal={Annals of Mathematical Statistics},
  year={2007},
  volume={22},
  pages={400-407}
}

@inproceedings{mcmahan2011follow,
  title={Follow-the-regularized-leader and mirror descent: Equivalence theorems and l1 regularization},
  author={McMahan, Brendan},
  booktitle={Proceedings of the Fourteenth International Conference on Artificial Intelligence and Statistics},
  pages={525--533},
  year={2011},
  organization={JMLR Workshop and Conference Proceedings}
}