@article{berger2007brown,
    title={Brown's original fictitious play},
    author={Berger, Ulrich},
    journal={Journal of Economic Theory},
    volume={135},
    number={1},
    pages={572--578},
    year={2007},
    publisher={Elsevier}
}


@article{shalev2011online,
  title={Online learning and online convex optimization},
  author={Shalev-Shwartz, Shai and others},
  journal={Foundations and trends in Machine Learning},
  volume={4},
  number={2},
  pages={107--194},
  year={2011}
}