@book{littlestone1989weighted,
  title={The weighted majority algorithm},
  author={Littlestone, Nick and Warmuth, Manfred K and others}
}

@article{littman2015reinforcement,
  title={Reinforcement learning improves behaviour from evaluative feedback},
  author={Littman, Michael L},
  journal={Nature},
  volume={521},
  number={7553},
  pages={445--451},
  year={2015},
  publisher={Nature Publishing Group}
}

@techreport{novikoff1963convergence,
  title={On convergence proofs for perceptrons},
  author={Novikoff, Albert B},
  year={1963},
  institution={Stanford Research Inst Menlo Park CA}
}

@article{arora2012multiplicative,
  title={The multiplicative weights update method: a meta-algorithm and applications},
  author={Arora, Sanjeev and Hazan, Elad and Kale, Satyen},
  journal={Theory of Computing},
  volume={8},
  number={1},
  pages={121--164},
  year={2012},
  publisher={Theory of Computing Exchange}
}

@misc{wikiLipschitz,
  author = {Wikipedia contributors},
  title = {Lipschitz continuity --- {W}ikipedia{,} The Free Encyclopedia},
  year = {2020},
  url = {https://en.wikipedia.org/wiki/Lipschitz_continuity},
  note = {[Online; accessed 18-February-2021]}
}

@article{berger2007brown,
  title={Brown's original fictitious play},
  author={Berger, Ulrich},
  journal={Journal of Economic Theory},
  volume={135},
  number={1},
  pages={572--578},
  year={2007},
  publisher={Elsevier}
}

@article{brown1951iterative,
  title={Iterative solution of games by fictitious play},
  author={Brown, George W},
  journal={Activity analysis of production and allocation},
  volume={13},
  number={1},
  pages={374--376},
  year={1951},
  publisher={New York}
}
