@article{berger2007brown,
    title={Brown's original fictitious play},
    author={Berger, Ulrich},
    journal={Journal of Economic Theory},
    volume={135},
    number={1},
    pages={572--578},
    year={2007},
    publisher={Elsevier}
}

@misc{wiki:lipschitz,
    author = "{Wikipedia contributors}",
    title = "Lipschitz continuity --- {W}ikipedia{,} The Free Encyclopedia",
    year = "2021",
    url = "https://en.wikipedia.org/wiki/Lipschitz_continuity",
    note = "[Online; accessed 17-Feb-2021]"
}