@book{littlestone1989weighted,
  title={The weighted majority algorithm},
  author={Littlestone, Nick and Warmuth, Manfred K and others}
}

@article{littman2015reinforcement,
  title={Reinforcement learning improves behaviour from evaluative feedback},
  author={Littman, Michael L},
  journal={Nature},
  volume={521},
  number={7553},
  pages={445--451},
  year={2015},
  publisher={Nature Publishing Group}
}

@techreport{novikoff1963convergence,
  title={On convergence proofs for perceptrons},
  author={Novikoff, Albert B},
  year={1963},
  institution={Stanford Research Inst Menlo Park CA}
}

@article{noble2006support,
  title={What is a support vector machine?},
  author={Noble, William S},
  journal={Nature biotechnology},
  volume={24},
  number={12},
  pages={1565--1567},
  year={2006},
  publisher={Nature Publishing Group}
}

@article{freund1997decision,
  title={A decision-theoretic generalization of on-line learning and an application to boosting},
  author={Freund, Yoav and Schapire, Robert E},
  journal={Journal of computer and system sciences},
  volume={55},
  number={1},
  pages={119--139},
  year={1997},
  publisher={Elsevier}
}

@article{valiant1984theory,
  title={A theory of the learnable},
  author={Valiant, Leslie G},
  journal={Communications of the ACM},
  volume={27},
  number={11},
  pages={1134--1142},
  year={1984},
  publisher={ACM New York, NY, USA}
}

@article{schapire1990strength,
  title={The strength of weak learnability},
  author={Schapire, Robert E},
  journal={Machine learning},
  volume={5},
  number={2},
  pages={197--227},
  year={1990},
  publisher={Springer}
}

@article{robbins1952some,
  title={Some aspects of the sequential design of experiments},
  author={Robbins, Herbert},
  journal={Bulletin of the American Mathematical Society},
  volume={58},
  number={5},
  pages={527--535},
  year={1952},
  publisher={Citeseer}
}

@inproceedings{maillard2011finite,
  title={A finite-time analysis of multi-armed bandits problems with kullback-leibler divergences},
  author={Maillard, Odalric-Ambrym and Munos, R{\'e}mi and Stoltz, Gilles},
  booktitle={Proceedings of the 24th annual Conference On Learning Theory},
  pages={497--514},
  year={2011},
  organization={JMLR Workshop and Conference Proceedings}
}

@inproceedings{kalyanakrishnan2012pac,
  title={PAC Subset Selection in Stochastic Multi-armed Bandits.},
  author={Kalyanakrishnan, Shivaram and Tewari, Ambuj and Auer, Peter and Stone, Peter},
  booktitle={ICML},
  volume={12},
  pages={655--662},
  year={2012}
}

@article{bubeck2012regret,
  title={Regret analysis of stochastic and nonstochastic multi-armed bandit problems},
  author={Bubeck, S{\'e}bastien and Cesa-Bianchi, Nicolo},
  journal={arXiv preprint arXiv:1204.5721},
  year={2012}
}

@inproceedings{vermorel2005multi,
  title={Multi-armed bandit algorithms and empirical evaluation},
  author={Vermorel, Joannes and Mohri, Mehryar},
  booktitle={European conference on machine learning},
  pages={437--448},
  year={2005},
  organization={Springer}
}

@article{scott2010modern,
  title={A modern Bayesian look at the multi-armed bandit},
  author={Scott, Steven L},
  journal={Applied Stochastic Models in Business and Industry},
  volume={26},
  number={6},
  pages={639--658},
  year={2010},
  publisher={Wiley Online Library}
}

@techreport{joachims1998making,
  title={Making large-scale SVM learning practical},
  author={Joachims, Thorsten},
  year={1998},
  institution={Technical report}
}

@article{cherkassky2004practical,
  title={Practical selection of SVM parameters and noise estimation for SVM regression},
  author={Cherkassky, Vladimir and Ma, Yunqian},
  journal={Neural networks},
  volume={17},
  number={1},
  pages={113--126},
  year={2004},
  publisher={Elsevier}
}

@article{shalev2011pegasos,
  title={Pegasos: Primal estimated sub-gradient solver for svm},
  author={Shalev-Shwartz, Shai and Singer, Yoram and Srebro, Nathan and Cotter, Andrew},
  journal={Mathematical programming},
  volume={127},
  number={1},
  pages={3--30},
  year={2011},
  publisher={Springer}
}