

@misc{16831lecture16,
    author    = "CMU",
    title     = "Course 16831, Spring 2021, Lecture 16 slide",
    url       = "https://www.dropbox.com/sh/ot8ijbxfr9ngol2/AAAruOFyQu3T6582fWm1Aumja?dl=0"
}

@misc{10601lecture15,
    author    = "CMU",
    title     = "Course 10601+10301, Spring 2021, Lecture 15 slide",
    url       = "http://www.cs.cmu.edu/~mgormley/courses/10601/slides/lecture15-rl.pdf"
}


@article{kaelbling1996reinforcement,
  title={Reinforcement learning: A survey},
  author={Kaelbling, Leslie Pack and Littman, Michael L and Moore, Andrew W},
  journal={Journal of artificial intelligence research},
  volume={4},
  pages={237--285},
  year={1996}
}

@article{bertsekas1989parallel,
  title={Parallel and Distributed Computation: Numerical Methods, Prentice Hall},
  author={Bertsekas, DP and Tsitsiklis, JN},
  journal={New Jersey: Englewood Cliffs},
  year={1989}
}


@techreport{williams1993b,
  title={Tight performance bounds on greedy policies based on imperfect value functions},
  author={Williams, Ronald J and Baird, Leemon C},
  year={1993},
  institution={Citeseer}
}

@article{beutler1989dynamic,
  title={Dynamic programming: Deterministic and stochastic models (dimitri p. bertsekas)},
  author={Beutler, Frederick J},
  journal={SIAM Review},
  volume={31},
  number={1},
  pages={132},
  year={1989},
  publisher={Society for Industrial and Applied Mathematics}
}