@inproceedings{MMIRL,
  author    = {Pieter Abbeel and
               Andrew Y. Ng},
  editor    = {Carla E. Brodley},
  title     = {Apprenticeship learning via inverse reinforcement learning},
  booktitle = {Machine Learning, Proceedings of the Twenty-first International Conference
               {(ICML} 2004), Banff, Alberta, Canada, July 4-8, 2004},
  series    = {{ACM} International Conference Proceeding Series},
  volume    = {69},
  publisher = {{ACM}},
  year      = {2004},
  url       = {https://doi.org/10.1145/1015330.1015430},
  doi       = {10.1145/1015330.1015430},
  timestamp = {Tue, 06 Nov 2018 16:58:29 +0100},
  biburl    = {https://dblp.org/rec/conf/icml/PieterN04.bib},
  bibsource = {dblp computer science bibliography, https://dblp.org}
}

@inproceedings{LPIRL,
  author    = {Andrew Y. Ng and
               Stuart J. Russell},
  editor    = {Pat Langley},
  title     = {Algorithms for Inverse Reinforcement Learning},
  booktitle = {Proceedings of the Seventeenth International Conference on Machine
               Learning {(ICML} 2000), Stanford University, Stanford, CA, USA, June
               29 - July 2, 2000},
  pages     = {663--670},
  publisher = {Morgan Kaufmann},
  year      = {2000},
  timestamp = {Sun, 21 Feb 2010 20:54:50 +0100},
  biburl    = {https://dblp.org/rec/conf/icml/NgR00.bib},
  bibsource = {dblp computer science bibliography, https://dblp.org}
}

@inproceedings{MGIRL,
  author    = {Umar Syed and
               Robert E. Schapire},
  editor    = {John C. Platt and
               Daphne Koller and
               Yoram Singer and
               Sam T. Roweis},
  title     = {A Game-Theoretic Approach to Apprenticeship Learning},
  booktitle = {Advances in Neural Information Processing Systems 20, Proceedings
               of the Twenty-First Annual Conference on Neural Information Processing
               Systems, Vancouver, British Columbia, Canada, December 3-6, 2007},
  pages     = {1449--1456},
  publisher = {Curran Associates, Inc.},
  year      = {2007},
  url       = {https://proceedings.neurips.cc/paper/2007/hash/ca3ec598002d2e7662e2ef4bdd58278b-Abstract.html},
  timestamp = {Thu, 21 Jan 2021 15:15:25 +0100},
  biburl    = {https://dblp.org/rec/conf/nips/SyedS07.bib},
  bibsource = {dblp computer science bibliography, https://dblp.org}
}

@inproceedings{MMP,
  author    = {Nathan D. Ratliff and
               J. Andrew Bagnell and
               Martin Zinkevich},
  editor    = {William W. Cohen and
               Andrew W. Moore},
  title     = {Maximum margin planning},
  booktitle = {Machine Learning, Proceedings of the Twenty-Third International Conference
               {(ICML} 2006), Pittsburgh, Pennsylvania, USA, June 25-29, 2006},
  series    = {{ACM} International Conference Proceeding Series},
  volume    = {148},
  pages     = {729--736},
  publisher = {{ACM}},
  year      = {2006},
  url       = {https://doi.org/10.1145/1143844.1143936},
  doi       = {10.1145/1143844.1143936},
  timestamp = {Tue, 19 Nov 2019 09:25:06 +0100},
  biburl    = {https://dblp.org/rec/conf/icml/RatliffBZ06.bib},
  bibsource = {dblp computer science bibliography, https://dblp.org}
}

@book{von2007theory,
  title={Theory of games and economic behavior (commemorative edition)},
  author={Von Neumann, John and Morgenstern, Oskar},
  year={2007},
  publisher={Princeton university press}
}