@article{Bianchi1999sequences,
  title={On Prediction of Individual Sequences},
  ISSN = {00905364},
  URL = {http://www.jstor.org/stable/2673940},
  author = {Nicolo Cesa-Bianchi and Gabor Lugosi},
  journal = {The Annals of Statistics},
  number = {6},
  pages = {1865--1895},
  publisher = {Institute of Mathematical Statistics},
  volume = {27},
  year = {1999}
}

@article{littman2015reinforcement,
  title={Reinforcement learning improves behaviour from evaluative feedback},
  author={Littman, Michael L},
  journal={Nature},
  volume={521},
  number={7553},
  pages={445--451},
  year={2015},
  publisher={Nature Publishing Group}
}

@article{Bianchi1997Expert,
author = {Cesa-Bianchi, Nicol\`{o} and Freund, Yoav and Haussler, David and Helmbold, David P. and Schapire, Robert E. and Warmuth, Manfred K.},
title = {How to Use Expert Advice},
year = {1997},
issue_date = {May 1997},
publisher = {Association for Computing Machinery},
address = {New York, NY, USA},
volume = {44},
number = {3},
issn = {0004-5411},
url = {https://doi.org/10.1145/258128.258179},
doi = {10.1145/258128.258179},
journal = {J. ACM},
month = may,
pages = {427â€“485},
numpages = {59},
keywords = {algorithms}
}