@article{lan2012validation,
  title={Validation analysis of mirror descent stochastic approximation method},
  author={Lan, Guanghui and Nemirovski, Arkadi and Shapiro, Alexander},
  journal={Mathematical programming},
  volume={134},
  number={2},
  pages={425--458},
  year={2012},
  publisher={Springer}
}

@article{shalev2011online,
  title={Online learning and online convex optimization},
  author={Shalev-Shwartz, Shai and others},
  journal={Foundations and trends in Machine Learning},
  volume={4},
  number={2},
  pages={107--194},
  year={2011}
}


@misc{wiki:convex_conjugate,
    author = "{Wikipedia contributors}",
    title = "Convex conjugate --- {W}ikipedia{,} The Free Encyclopedia",
    year = "2021",
    url = "https://en.wikipedia.org/wiki/Convex_conjugate",
    note = "[Online; accessed 03-Mar-2021]"
}

@misc{wiki:Bregman_divergence,
    author = "{Wikipedia contributors}",
    title = "Bregman divergence --- {W}ikipedia{,} The Free Encyclopedia",
    year = "2021",
    url = "https://en.wikipedia.org/wiki/Bregman_divergence",
    note = "[Online; accessed 03-Mar-2021]"
}