@book{littlestone1989weighted,
  title={The weighted majority algorithm},
  author={Littlestone, Nick and Warmuth, Manfred K and others}
}

@article{littman2015reinforcement,
  title={Reinforcement learning improves behaviour from evaluative feedback},
  author={Littman, Michael L},
  journal={Nature},
  volume={521},
  number={7553},
  pages={445--451},
  year={2015},
  publisher={Nature Publishing Group}
}

@techreport{novikoff1963convergence,
  title={On convergence proofs for perceptrons},
  author={Novikoff, Albert B},
  year={1963},
  institution={Stanford Research Inst Menlo Park CA}
}