@article{littman2015reinforcement,
  title={Reinforcement learning improves behaviour from evaluative feedback},
  author={Littman, Michael L},
  journal={Nature},
  volume={521},
  number={7553},
  pages={445--451},
  year={2015},
  publisher={Nature Publishing Group}
}

@inproceedings{ng2000algorithms,
  title={Algorithms for inverse reinforcement learning.},
  author={Ng, Andrew Y and Russell, Stuart J and others},
  booktitle={Icml},
  volume={1},
  pages={2},
  year={2000}
}

